<?xml version="1.0" encoding="UTF-8"?><record xmlns="http://www.loc.gov/MARC21/slim" xmlns:cinclude="http://apache.org/cocoon/include/1.0" xmlns:zs="http://www.loc.gov/zing/srw/">
  <leader>01630cz  a2200325n  4500</leader>
  <controlfield tag="001">n  85338569 </controlfield>
  <controlfield tag="003">DLC</controlfield>
  <controlfield tag="005">20121213074806.0</controlfield>
  <controlfield tag="008">870507n| azannaabn          |a aaa      </controlfield>
  <datafield tag="010" ind1=" " ind2=" ">
    <subfield code="a">n  85338569 </subfield>
    <subfield code="z">n 2001003760</subfield>
  </datafield>
  <datafield tag="035" ind1=" " ind2=" ">
    <subfield code="a">(OCoLC)oca01849480</subfield>
  </datafield>
  <datafield tag="040" ind1=" " ind2=" ">
    <subfield code="a">DLC</subfield>
    <subfield code="b">eng</subfield>
    <subfield code="c">DLC</subfield>
    <subfield code="d">DLC</subfield>
    <subfield code="d">OCoLC</subfield>
    <subfield code="d">DLC</subfield>
    <subfield code="d">SG-SiILA</subfield>
    <subfield code="e">rda</subfield>
  </datafield>
  <datafield tag="046" ind1=" " ind2=" ">
    <subfield code="f">19480921</subfield>
  </datafield>
  <datafield tag="100" ind1="1" ind2=" ">
    <subfield code="a">Karanth, K. Ullas,</subfield>
    <subfield code="d">1948-</subfield>
  </datafield>
  <datafield tag="372" ind1=" " ind2=" ">
    <subfield code="a">Wildlife conservation</subfield>
  </datafield>
  <datafield tag="375" ind1=" " ind2=" ">
    <subfield code="a">male</subfield>
  </datafield>
  <datafield tag="377" ind1=" " ind2=" ">
    <subfield code="a">kan</subfield>
  </datafield>
  <datafield tag="400" ind1="1" ind2=" ">
    <subfield code="a">Ullas Karanth, K.,</subfield>
    <subfield code="d">1948-</subfield>
  </datafield>
  <datafield tag="400" ind1="1" ind2=" ">
    <subfield code="a">Kāranta, Ke. Ullāsa,</subfield>
    <subfield code="d">1948-</subfield>
  </datafield>
  <datafield tag="400" ind1="1" ind2=" ">
    <subfield code="a">Ullāsa Kāranta, Ke.,</subfield>
    <subfield code="d">1948-</subfield>
  </datafield>
  <datafield tag="400" ind1="0" ind2=" ">
    <subfield code="a">Kota Ullas Karanth,</subfield>
    <subfield code="d">1948-</subfield>
  </datafield>
  <datafield tag="400" ind1="0" ind2=" ">
    <subfield code="a">Kōṭa Ullāsa Kāranta,</subfield>
    <subfield code="d">1948-</subfield>
  </datafield>
  <datafield tag="400" ind1="1" ind2=" ">
    <subfield code="a">Ullāsa Kāranta, Kōṭa,</subfield>
    <subfield code="d">1948-</subfield>
  </datafield>
  <datafield tag="400" ind1="1" ind2=" ">
    <subfield code="a">Kāranta, Kōta Ullāsa,</subfield>
    <subfield code="d">1948-</subfield>
  </datafield>
  <datafield tag="400" ind1="1" ind2=" ">
    <subfield code="a">Ullās Karant, Kē.,</subfield>
    <subfield code="d">1948-</subfield>
  </datafield>
  <datafield tag="400" ind1="1" ind2=" ">
    <subfield code="a">Karant, Kē. Ullās,</subfield>
    <subfield code="d">1948-</subfield>
  </datafield>
  <datafield tag="670" ind1=" " ind2=" ">
    <subfield code="a">His Araṇya mattu samāja, 1985:</subfield>
    <subfield code="b">t.p. (Ke. Ullāsa Kāranta) t.p. verso (K. Ullas Karanth) p. 3 of cover (grad. in Engg.; wild life studies fr. Smithsonian Inst.; founder, Wild life Studies center, Mysore)</subfield>
  </datafield>
  <datafield tag="670" ind1=" " ind2=" ">
    <subfield code="a">Ltr. fr. author, 4/9/87</subfield>
    <subfield code="b">(Kōṭa Ullāsa Kāranta; Karanth, Kota Ullas; signs; K. Ullas Karanth; b. 9/21/1948)</subfield>
  </datafield>
  <datafield tag="670" ind1=" " ind2=" ">
    <subfield code="a">The way of the tiger, 2001:</subfield>
    <subfield code="b">CIP t.p. (Dr. Ullas Karanth) text (Conservation Zoologist, directs the Indian Program of one of world's foremost institutions in wildlife research, education and conservation: The Wildlife Conservation Society (WCS)) book t.p. (K. Ullas Karanth)</subfield>
  </datafield>
  <datafield tag="670" ind1=" " ind2=" ">
    <subfield code="a">Kān̲ur̲ai vēṅkai, 2006:</subfield>
    <subfield code="b">t.p. (Kē. Ullās Karant) t.p. verso (K. Ullas Karanth [in rom.])</subfield>
  </datafield>
</record>